<?xml version="1.0" encoding="UTF-8"?><collection xmlns="http://www.loc.gov/MARC21/slim"><record><leader>00352nam--2200121-i-4500</leader><controlfield tag="001">000003065</controlfield><controlfield tag="002">20161230</controlfield><controlfield tag="005">20161230201025</controlfield><controlfield tag="008">060222s1000------------r-----000-0-eng-d</controlfield><datafield ind1=" " ind2=" " tag="080"><subfield code="a">..</subfield></datafield><datafield ind1=" " ind2=" " tag="245"><subfield code="a">Cern.laying of foundation stone.signature of the agrement with the swiss federal council. june 1955</subfield></datafield><datafield ind1=" " ind2=" " tag="260"><subfield code="a">Geneva,Cern,1955. 42p.+ 9 Plk</subfield></datafield><datafield ind1=" " ind2=" " tag="852"><subfield code="a">12051</subfield></datafield></record></collection>